@article{Electronica_Amiga,
    title = {{Digital electronics for the Pierre Auger Observatory AMIGA muon counters}},
    year = {2014},
    journal = {Journal of Instrumentation},
    author = {Wainberg, O and Almela, A and Platino, M and Sanchez, F and Suarez, F and Lucero, A and Videla, M and Wundheiler, B and Melo, D and Hampel, M R and Etchegoyen, A},
    number = {04},
    pages = {T04003-T04003},
    volume = {9},
    doi = {10.1088/1748-0221/9/04/T04003},
    issn = {1748-0221}
}

@incollection{Apd_Hamamatsu,
    title = {{Si APD, MPPC}},
    booktitle = {Solid State Photomultipliers},
    author = {K.K., Hamamatsu Photonics and Committee, Opto-semiconductor Handbook Editorial},
    editor = {Dai Nippon Printing Co., Ltd},
    chapter = {2},
    publisher = {Hamamatsu Photonics K.K.},
    keywords = {SSPM, Si-PM}
}

@article{Muon_detector_Amiga,
    title = {{Prototype muon detectors for the AMIGA component of the Pierre Auger Observatory}},
    year = {2016},
    journal = {Journal of Instrumentation},
    author = {Collaboration, Pierre Auger and Collaboration, Pierre Auger and Dembinski, Hans P and Billoir, Pierre},
    number = {02},
    pages = {P02012-P02012},
    volume = {11},
    doi = {10.1088/1748-0221/11/02/P02012},
    issn = {1748-0221}
}

@article{Muon_counting_Amiga,
    title = {{Muon counting using silicon photomultipliers in the AMIGA detector of the Pierre Auger observatory}},
    year = {2017},
    journal = {Journal of Instrumentation},
    author = {Aab, A. and Abreu, P. and Aglietta, M. and Ahn, E.J.},
    number = {03},
    pages = {P03002-P03002},
    volume = {12},
    doi = {10.1088/1748-0221/12/03/P03002},
    issn = {1748-0221},
    arxivId = {arXiv:1703.06193v1}
}

@article{charac_SIPM,
    title = {{Characterisation studies of silicon photomultipliers}},
    year = {2010},
    journal = {Nuclear Instruments and Methods in Physics Research, Section A: Accelerators, Spectrometers, Detectors and Associated Equipment},
    author = {Eckert, Patrick and Schultz-Coulon, Hans Christian and Shen, Wei and Stamen, Rainer and Tadday, Alexander},
    number = {2-3},
    pages = {217--226},
    volume = {620},
    isbn = {0168-9002},
    doi = {10.1016/j.nima.2010.03.169},
    issn = {01689002},
    arxivId = {1003.6071},
    keywords = {Geiger mode avalanche photodiode, Multi pixel photon counter, Photon detection efficiency, Silicon photomultiplier}
}

@article{Intro_SIPM_Sensl,
    title = {{Introduction to the SPM An Introduction to the Silicon Photomultiplier Photon Detection with Silicon Photomultipliers}},
    year = {2011},
    journal = {SensL},
    author = {Photodiode, Avalanche},
    pages = {1--8}
}

@techreport{Sipm_S13360_1350CS_datasheet,
    title = {{MPPC {\textregistered} ( Multi-Pixel Photon Counter ) MPPCs for precision measurement}},
    author = {Operates, Compact},
    pages = {1--12}
}

@book{w_Leo_Book,
    title = {{Techniques for Nuclear and Particle Physics Experiments}},
    year = {1987},
    booktitle = {Springer-Verlag},
    author = {Leo, WR},
    pages = {1--377},
    isbn = {978-3-540-57280-0},
    doi = {10.1007/978-3-642-57920-2},
    issn = {00029505},
    pmid = {15003161},
    arxivId = {arXiv:1011.1669v3}
}

@book{Tavenier_Book,
    title = {{Experimental Techniques in Nuclear and Particle Physics}},
    year = {2013},
    booktitle = {Journal of Chemical Information and Modeling},
    author = {Tavenier, Stefaaan},
    number = {9},
    pages = {1689--1699},
    volume = {53},
    isbn = {9788578110796},
    doi = {10.1017/CBO9781107415324.004},
    issn = {1098-6596},
    pmid = {25246403},
    arxivId = {arXiv:1011.1669v3},
    keywords = {icle}
}

@book{Particle_detectors_Book,
    title = {{Particle detectors}},
    year = {2000},
    booktitle = {Reports on Progress in Physics},
    author = {Fabjan, C W and Fischer, H G},
    number = {8},
    pages = {1003--1063},
    volume = {43},
    isbn = {9780521840064},
    doi = {10.1088/0034-4885/43/8/002},
    issn = {0034-4885}
}

@article{muon,
    title = {{The Speed and Lifetime of Cosmic Ray Muons}},
    year = {2007},
    author = {Liu, Lulu and Pablo, Partner},
    pages = {1--2}
}

@misc{Muon_wiki,
    title = {{"Muon," https://en.wikipedia.org/wiki/Muon}},
    year = {2018},
    author = {The Free Encyclopedia, Wikipedia},
    url = {https://en.wikipedia.org/wiki/Muon}
}

@misc{Hodoscope,
    title = {{"Hodoscope," https://en.wikipedia.org/wiki/Hodoscope}},
    year = {2018},
    author = {The Free Encyclopedia, Wikipedia},
    url = {https://en.wikipedia.org/wiki/Hodoscope}
}

@unpublished{Measuring_ectr_opti_SIPM_hamamatsu,
    title = {{Measuring the electrical and optical properties of the MPPC silicon photomultiplier | Hamamatsu Photonics}},
    year = {2014},
    author = {Slawomir, Piatek and Corporation, Hamamatsu and {New Jersey Institute of Technology}},
    url = {http://www.hamamatsu.com/jp/en/community/optical_sensors/articles/measuring_characteristics_of_mppc/index.html}
}

@article{Peltier_SIPM,
    title = {{A Peltier cooling system for SiPM temperature stabilization}},
    year = {2012},
    author = {Nieswand, Simon}
}

@inproceedings{peltier_theory,
    title = {{Linear theory of thermoelectric cooling}},
    year = {2005},
    booktitle = {ICT 2005. 24th International Conference on Thermoelectrics, 2005.},
    author = {Gurevich, Yu.G. and Logvinov, G.N.},
    number = {5},
    pages = {480--483},
    volume = {53},
    publisher = {IEEE},
    url = {http://ieeexplore.ieee.org/document/1519987/},
    isbn = {0-7803-9552-2},
    doi = {10.1109/ICT.2005.1519987},
    issn = {0035001X},
    keywords = {Peltier effect, Thermoelectric cooling, Thermoelectricity}
}

@article{peltier_physical_principles,
    title = {{New physical principles of contact thermoelectric cooling}},
    year = {2002},
    journal = {Surface Review and Letters},
    author = {Gurevich, Yu G and Logvinov, G N and Titov, O Yu and Giraldo, J},
    month = {2},
    pages = {8},
    volume = {9},
    url = {http://arxiv.org/abs/cond-mat/0202081},
    isbn = {0218-625X},
    doi = {10.1142/S0218625X02004256},
    issn = {0218-625X},
    arxivId = {cond-mat/0202081},
    keywords = {degenerate semiconductors, electrical contacts, p n junctions, peltier effect, semiconductor metal boundaries, surface recombination, two dimensional electron gas, two dimensional hole gas, work function}
}

@article{tesis_caract_SIPM,
    title = {{Measurements of silicon photomultipliers at different operating points and simulation with GEANT4}},
    year = {2012},
    journal = {Physics},
    author = {Science, Computer},
    number = {November}
}

@article{Blue_SIPM,
    title = {{Characterization of Three High Efficiency and Blue Sensitive Silicon Photomultipliers}},
    year = {2016},
    author = {Otte, Adam Nepomuk and Garcia, Distefano and Nguyen, Thanh and Purushotham, Dhruv},
    month = {6},
    url = {http://arxiv.org/abs/1606.05186},
    doi = {10.1016/j.nima.2016.09.053},
    arxivId = {1606.05186},
    keywords = {characterization, g-apd, photon detector, silicon photomultiplier, sipm}
}

@article{fuente_hamamatsu,
    title = {{Power supply module for MPPC C11204-01 Command Reference}},
    year = {2016},
    author = {K, Hamamatsu Photonics K},
    number = {81},
    pages = {1--23}
}

@book{Astrom_control_PID,
    title = {{Computer-controlled systems : theory and design}},
    year = {2011},
    author = {{\AA}str{\"{o}}m, Karl J. (Karl Johan) and Wittenmark, Bjorn.},
    pages = {557},
    publisher = {Dover Publications},
    isbn = {0486486133}
}

@misc{FirstFOPDT,
    title = {{First Order Plus Dead Time (FOPDT)}},
    url = {https://apmonitor.com/pdc/index.php/Main/FirstOrderSystems}
}

@misc{Measuring_MPPC,
    title = {{Measuring the electrical and optical properties of the MPPC silicon photomultiplier | Hamamatsu Photonics}},
    year = {2014},
    author = {Slawomir, Piatek and Corporation, Hamamatsu and {New Jersey Institute of Technology}}
}

@misc{datasheet_Peltier,
    title = {{Thermoelectric Cooler TEC1-12706}},
    author = {Ltd., Hebei l.T. (Shanghai)},
    pages = {1--3},
    url = {www.hebeiltd.com.cn}
}

@article{Mute_oficial,
    title = {{MUTE: design and construction of a muon telescope for the study of the colombian volcanos}},
    year = {2018},
    journal = {En preparaci{\'{o}}n},
    author = {Asorey, H. and Calder{\'{o}}n-Ardila, R. and Nu{\~{n}}ez, L. A. and Pe{\~{n}}a-Rodr{\'{i}}guez, J. and Pisco-Guabave, J. and Sanabria-G{\'{o}}mez, J.D. and Sierra-Porta, D. and Su{\'{a}}rez-Dur{\'{a}}n, M. and V{\'{a}}squez., A.}
}

@misc{temp_machin,
    title = {{Colombia Mountain Weather Map}},
    url = {https://www.mountain-forecast.com/peaks/Cerro-Machin/forecasts/2650}
}

@article{study_break_voltage_SIPM,
    title = {{Study of the breakdown voltage of SiPMs}},
    year = {2017},
    journal = {Nuclear Instruments and Methods in Physics Research Section A: Accelerators, Spectrometers, Detectors and Associated Equipment},
    author = {Chmill, V. and Garutti, E. and Klanner, R. and Nitschke, M. and Schwandt, J.},
    month = {2},
    pages = {56--59},
    volume = {845},
    publisher = {Elsevier},
    url = {http://linkinghub.elsevier.com/retrieve/pii/S016890021630256X},
    doi = {10.1016/j.nima.2016.04.047},
    issn = {01689002},
    arxivId = {1605.01692},
    keywords = {Avalanche multiplication, Breakdown voltage, Silicon photomultiplier}
}

@article{Break_voltage_dif_temp_SIPM,
    title = {{Breakdown voltage and triggering probability of SiPM from IV curves at different temperatures}},
    year = {2017},
    journal = {Nuclear Instruments and Methods in Physics Research Section A: Accelerators, Spectrometers, Detectors and Associated Equipment},
    author = {Dinu, N. and Nagai, A. and Para, A.},
    month = {2},
    pages = {64--68},
    volume = {845},
    publisher = {Elsevier},
    url = {http://linkinghub.elsevier.com/retrieve/pii/S0168900216305125},
    isbn = {9781467398626},
    doi = {10.1016/j.nima.2016.05.110},
    issn = {01689002},
    keywords = {Breakdown voltage, Geiger triggering probability, IV model, Silicon PhotoMultiplier}
}

@article{FOPDT,
    title = {{Representaci{\'{o}}n Can{\'{o}}nica en Variables de Estado Observador para Sistemas con Retardo de Tiempo}},
    year = {2011},
    author = {Jim{\'{e}}nez, O and Quiroz, M A and Mondrag{\'{o}}n, M A and V{\'{a}}zquez, R and Superior, Escuela and Mec{\'{a}}nica, De Ingeniería and Culhuac{\'{a}}n, Campus},
    number = {2},
    pages = {495--500},
    keywords = {a, campus culhuac{\'{a}}n, con retardo de tiempo, escuela superior de ingenier{\'{i}}a, i p n, jim{\'{e}}nez, m, mec{\'{a}}nica y el{\'{e}}ctrica, mondrag{\'{o}}n, o, quiroz, r, v{\'{a}}zquez}
}